@misc{Westenberg2015,
  author = {Jimmy Westenberg},
  journal = {Android Authority},
  title = {Gartner: Android and iOS dominate smartphone market with 98 percent marketshare},
  year = {2015},
  urldate = {2016-03-23},
  URL = {http://www.androidauthority.com/android-ios-hold-98-percent-marketshare-656624/},
}

@article{Thomas2015,
  author = {Daniel R. Thomas and Alastair R. Beresford and Andrew Rice},
  journal = {Proceedings of the 5th Annual ACM CCS Workshop on Security and Privacy in Smartphones and Mobile Devices - SPSM '15},
  title = {Security Metrics for the Android Ecosystem},
  publisher = {ACM Press},
  address = {New York, New York, USA},
  year = {2015},
  pages = {87-98},
  ISBN = {9781450338196},
  DOI = {10.1145/2808117.2808118},
  URL = {http://dl.acm.org/citation.cfm?doid=2808117.2808118},
}

@misc{OHA,
  journal = {Open Handset Alliance},
  title = {Industry Leaders Announce Open Platform for Mobile Devices},
  year = {2007},
  urldate = {2016-03-23},
  URL = {http://www.openhandsetalliance.com/press_110507.html},
}

@misc{Rosoff2011,
  author = {Matt Rosoff},
  journal = {Gizmodo},
  title = {Google's Biggest Acquisitions So Far, And What They Became},
  year = {2011},
  urldate = {2016-03-23},
  URL = {http://www.gizmodo.com.au/2011/08/googles-16-biggest-acquisitions-so-far-and-what-happened-to-them/},
}

@misc{Beavis2008,
  author = {Gareth Beavis},
  journal = {Techradar},
  title = {A complete history of Android},
  year = {2008},
  urldate = {2016-03-23},
  URL = {http://www.techradar.com/news/phone-and-communications/mobile-phones/a-complete-history-of-android-470327},
}

@misc{architecture,
  journal = {Techotopia},
  title = {An Overview of the Android Architecture},
  year = {2013},
  urldate = {2016-03-23},
  URL = {http://www.techotopia.com/index.php/An_Overview_of_the_Android_Architecture},
}
@misc{dalvik,
  journal = {Android},
  title = {ART and Dalvik},
  urldate = {2016-03-23},
  year = {2015},
  URL = {https://source.android.com/devices/tech/dalvik/},
}
@misc{Parmar2013,
  author = {Ketan Parmar},
  title = {In Depth: Android Package Manager and Package Installer},
  year = {2013},
  URL = {https://dzone.com/articles/depth-android-package-manager},
}
@book{Elenkov2015,
  author = {Nikolay Elenkov},
  title = {Android security internals},
  subtitle = {an in-depth guide to android's security architecture},
  publisher = {No Starch Press},
  address = {San Francisco},
  year = {2015},
  ISBN = {978-1-59327-641-6},
}













